@Book{ManOfTheMillennium,
	author = "Anonym",
	title = "Gutenberg: Man of the Millennium; From a Secret Enterprise to the First Media Revolution",
	year = 2000,
	publisher = "Universitatsdruckerei und Verlag",
	isbn = "978-3874395397"
}

@Book{StephanFussel,
	author = "Stephan Füssel",
	title = "Monographie: Johannes Gutenberg",
	year = 1999,
	publisher = "Rowohlt Taschenbuch",
	isbn = "978-3499506109"
}

@Article{JamesClough,
	author = "James Clough",
	title = "La confutazione della di Bruno Fabiani",
	year = 2004,
	journal = "Italian Magazine Graphicus",
}

@Article{HemingNelson,
	author = "Heming Nelson",
	title = "A history of newspaper: Gutenberg's press started a revolution",
	year = 1998,
	journal = "The Washington Post",
	isbn = "978-0395258545"
}

@MastersThesis{BarboraTvrdonova,
	author = "Barbora Tvrdoňová",
	title = "Pohledy na plagiatorství v období Gutenbergova vynálezu knihtisku",
	year = 2016,
	school = "Masarykova univerzita v Břne, Filozofická Fakulta",
}

@MastersThesis{LuciaKianicova,
	author = "Lucia Kianicová",
	title = "Média a Spoločnosť",
	year = 2012,
	school = "Univerzita Karlova, Pedagogická fakulta, Katedra Občianskej výchovy a filozofie",
}

@Misc{asme,
	author = "Nancy Giges",
	title = "History of mechanical engineering: Johannes Gutenberg",
	howpublished = {[online]},
	year = 2012,
	note = {[vid. 2022-04-04]},
	url = "https://www.asme.org/engineering-topics/articles/history-of-mechanical-engineering/johannes-gutenberg",
	
}

@Misc{britannica,
	author = "Hellmut E. Lehmann-Haupt",
	title = "Biography: Johannes Gutenberg",
	howpublished = {[online]},
	year = 2000,
	note = {[vid. 2022-04-04]},
	url = "https://www.britannica.com/biography/Johannes-Gutenberg",
}

@Misc{wiki,
	author = "Cinik",
	title = "Johannes Gutenberg",
	howpublished = {[online]},
	year = 2005,
	note = {[vid. 2022-04-04]},
	url = "https://cs.wikipedia.org/wiki/Johannes_Gutenberg",
}
